@misc{book:kura,
  author    = {Yoshiki Kuramoto}, 
  title     = {Lecture Notes in Physics, International Symposium on Mathematical Problems in Theoretical Physics},
  publisher = {Springer-Verlag, New York},
  year      = 1975,
  volume    = 39,
  page      = 420,
  editor    = {H. Araki}
}