@book{book:kura,
  author    = {Kuramoto Y}, 
  title     = {Chemical Oscillations, Waves, and Turbulence},
  publisher = {New York, NY: Springer-Verlag},
  year      = 1984
}